@article{app_indya,
    author={Indya},
    title={\url{https://getindya.com/}},
    year={2022}
}

@article{app_orenji,
    author={Oorenji},
    title={\url{https://oorenji.com/}},
    year={2022}
}

@article{app_fat_secret,
    author={Fat Secret},
    title={\url{https://www.fatsecret.es/}},
    year={2022}
}

@article{android_studio,
    author={Android Studio},
    title={\url{https://developer.android.com/studio}},
    year={2022}
}

@article{firebase,
    author={Google Firebase},
    title={\url{https://firebase.google.com/}},
    year={2022}
}

@article{firebase_auth,
    author={Google Firebase Authentication},
    title={\url{https://firebase.google.com/docs/auth}},
    year={2022}
}

@article{firebase_realtime_database,
    author={Google Firebase Realtime Database},
    title={\url{https://firebase.google.com/docs/database}},
    year={2022}
}

@article{firebase_realtime_storage,
    author={Google Firebase Realtime Database},
    title={\url{https://firebase.google.com/docs/storage}},
    year={2022}
}

@article{spring_boot,
    author={Spring Boot},
    title={\url{https://spring.io/}},
    year={2022}
}

@article{nodejs,
    author={Node.js},
    title={\url{https://nodejs.org/es/}},
    year={2022}
}

@article{retrofit,
    author={Retrofit},
    title={\url{https://square.github.io/retrofit/}},
    year={2022}
}

@article{git,
    author={Git},
    title={\url{https://git-scm.com/}},
    year={2022}
}

@article{trello,
    author={Trello},
    title={\url{https://trello.com/es}},
    year={2022}
}

@article{overleaf,
    author={Overleaf},
    title={\url{https://es.overleaf.com/}},
    year={2022}
}

@article{google_drive,
    author={Google Drive},
    title={\url{https://www.google.com/intl/es_es/drive/}},
    year={2022}
}

@article{vscode,
    author={Visual Studio Code},
    title={\url{https://code.visualstudio.com/}},
    year={2022}
}

@article{open_food_facts,
    author={Open Food facts},
    title={\url{https://es.openfoodfacts.org/}},
    year={2022}
}

@book{basix,
    author={David Pacios Izquierdo},
    title={\url{https://www.ucm.es/data/cont/docs/1346-2019-04-12-BaSix\%20LaTeX\%20ba\%CC\%81sico\%20con\%20ejercicios\%20resueltos27.pdf}},
    year={2022}
}

@article{ip_emulator,
    author={Android Developers},
    title={\url{https://developer.android.com/studio/run/emulator-networking#networkaddresses}},
    year={2022}
}

@article{anychart,
    author={AnyChart},
    title={\url{https://www.anychart.com/es/}},
    year={2022}
}

@article{anychart_android,
    author={AnyChart Android},
    title={\url{https://github.com/AnyChart/AnyChart-Android}},
    year={2022}
}

@article{open_food_facts_android,
    author={Open Food Facts Android},
    title={\url{https://github.com/openfoodfacts/openfoodfacts-androidapp}},
    year={2022}
}

@article{Authentication_API,
    author={Medium},
    title={\url{https://medium.com/javarevisited/a-simple-user-authentication-api-made-with-spring-boot-4a7135ff1eca}},
    year={2022}
}

@article{medium_create_login_app,
    author={Medium},
    title={\url{https://medium.com/@sukhbirsekhon3939/how-to-create-a-login-application-on-android-studio-d664662578f8}},
    year={2022}
}

@article{Freecodecamp,
    author={Freecodecamp},
    title={\url{https://www.freecodecamp.org/espanol/news/guia-para-principiantes-de-git-y-github/}},
    year={2022}
}

@article{Dessign_patterns,
    author={Design patterns},
    title={\url{https://www.raywenderlich.com/18409174-common-design-patterns-and-app-architectures-for-android}},
    year={2022}
}

@article{Techighness,
    author={Techighness},
    title={\url{https://www.techighness.com/post/how-to-draw-no-sql-data-model-diagram/}},
    year={2022}
}
@article{openwebinars,
    author={Openwebinars},
    title={\url{https://openwebinars.net/blog/conoce-que-es-spring-framework-y-por-que-usarlo/}},
    year={2022}
}
@article{Firebase_store_manage_transactions,
    author={Firebase},
    title={\url{https://firebase.google.com/docs/firestore/manage-data/transactions}},
    year={2022}
}
@article{java_tutorials,
    author={Java2s},
    title={\url{http://www.java2s.com/Tutorials/Java/Data_Type_How_to/Date/Get_day_of_week_int_value_and_String_value.htm}},
    year={2022}
}
@article{SharedPreferences,
    author={Android},
    title={\url{https://developer.android.com/reference/android/content/SharedPreferences}},
    year={2022}
}
@article{stackoverflow_firebase_save_users,
    author={Stackoverflow},
    title={\url{https://stackoverflow.com/q/48307610}},
    year={2022}
}
@article{Actuador,
    author={Spring},
    title={\url{https://docs.spring.io/spring-boot/docs/current/reference/html/actuator.html}},
    year={2022}
}
@article{firebase_read_write,
    author={Firebase},
    title={\url{https://firebase.google.com/docs/database/android/read-and-write?hl=es}},
    year={2022}
}
@article{Firebase_offline_capabilities,
    author={Stackoverflow},
    title={\url{https://stackoverflow.com/a/34487195}},
    year={2022}
}

@article{ErrorFirebase,
    author={Stackoverflow},
    title={\url{https://stackoverflow.com/q/64538836}},
    year={2022}
}

@article{sha_256_baeldung,
    author={Baeldung},
    title={\url{https://www.baeldung.com/sha-256-hashing-java}},
    year={2022}
}

@article{data_structure,
    author={Google Firebase},
    title={\url{https://firebase.google.com/docs/database/android/structure-data?authuser=0}},
    year={2022}
}

@article{Firebase_reopen_activity,
    author={Stackoverflow},
    title={\url{https://stackoverflow.com/q/51277122}},
    year={2022}
}

@article{jwt,
    author={JWT},
    title={\url{https://jwt.io/introduction}},
    year={2022}
}

@article{offline_capabilities,
    author={Firebase},
    title={\url{https://firebase.google.com/docs/database/android/offline-capabilities}},
    year={2022}
}

@article{activity_element,
    author={Developer Android},
    title={\url{https://developer.android.com/guide/topics/manifest/activity-element?hl=es-419}},
    year={2022}
}

@article{floating_btn,
    author={Android Developers},
    title={\url{https://developer.android.com/guide/topics/ui/floating-action-button?hl=es}},
    year={2022}
}

@article{developer_tasks,
    author={Android},
    title={\url{https://developer.android.com/guide/components/activities/tasks-and-back-stack?hl=es-419}},
    year={2022}
}

@article{save_BBDD,
    author={Google Firebase},
    title={\url{https://firebase.google.com/docs/database/admin/save-data}},
    year={2022}
}

@article{code_scanner,
    author={Yuriy Budiyev},
    title={\url{https://github.com/yuriy-budiyev/code-scanner}},
    year={2022}
}

@article{code_scanner_yt,
    author={Code Palace},
    title={\url{https://youtu.be/drH63NpSWyk}},
    year={2022}
}

@article{andorid_activity,
    author={Android},
    title={\url{https://developer.android.com/reference/android/app/Activity}},
    year={2022}
}

@article{getting_object_property,
    author={Stackoverflow},
    title={\url{https://stackoverflow.com/q/31792072}},
    year={2022}
}
@article{linux_macos,
    author={Google Firebase},
    title={\url{https://firebase.google.com/docs/admin/setup}},
    year={2022}
}
@article{gson_json,
    author={Jarroba},
    title={\url{https://jarroba.com/gson-json-java-ejemplos/}},
    year={2022}
}
@article{authcredentials,
    author={Google Firebase},
    title={\url{https://firebase.google.com/docs/reference/android/com/google/firebase/auth/AuthCredential}},
    year={2022}
}
@article{http_requests_with_node,
    author={Node.js},
    title={\url{https://nodejs.dev/learn/making-http-requests-with-nodejs}},
    year={2022}
}
@article{manageUsers,
    author={Google Firebase},
    title={\url{https://firebase.google.com/docs/auth/android/manage-users}},
    year={2022}
}
@article{node_first_application,
    author={Tutorialspoint},
    title={\url{https://www.tutorialspoint.com/nodejs/nodejs_first_application.htm}},
    year={2022}
}
@article{users,
    author={Google Firebase},
    title={\url{https://firebase.google.com/docs/auth/users}},
    year={2022}
}
@article{sha-256-hash-in-java,
    author={Geeksforgeeks},
    title={\url{https://www.geeksforgeeks.org/sha-256-hash-in-java/}},
    year={2022}
}
@article{retrofitTutorial,
    author={Maxiburgos},
    title={\url{https://maxiburgos.medium.com/como-implementar-retrofit-en-nuestra-app-6ba7cee6e0a5}},
    year={2022}
}
@article{anychart-trying-to-show,
    author={Stackoverflow},
    title={\url{https://stackoverflow.com/q/53336185}},
    year={2022}
}
@article{http_html,
    author={Node.js},
    title={\url{https://nodejs.org/api/http.html}},
    year={2022}
}
@article{display-pdf-file,
    author={Stackoverflow},
    title={\url{https://stackoverflow.com/q/9666030}},
    year={2022}
}
@article{cryptography_message,
    author={Tutorialspoint},
    title={\url{https://www.tutorialspoint.com/java_cryptography/java_cryptography_message_digest.htm}},
    year={2022}
}
@article{document_webview,
    author={Stackoverflow},
    title={\url{https://stackoverflow.com/q/2655972}},
    year={2022}
}
@article{apiRestTutorial,
    author={Medium},
    title={\url{https://medium.com/bb-tutorials-and-thoughts/how-to-write-simple-nodejs-rest-api-with-core-http-module-dcedd2c1256}},
    year={2022}
}
@article{oracle_urls,
    author={Oracle},
    title={\url{https://docs.oracle.com/javase/tutorial/networking/urls/creatingUrls.html}},
    year={2022}
}

@article{jbcrypt,
    author={Jeremyh},
    title={\url{https://github.com/jeremyh/jBCrypt}},
    year={2022}
}

@article{googleForm,
    author={google},
    title={\url{https://www.google.es/intl/es/forms/about/}},
    year={2022}
}

@article{finish_android_method,
    author={Android Developers},
    title={\url{https://developer.android.com/reference/android/app/Activity#finish()}},
    year={2022}
}

@article{gs_statscounter,
    author={Stat Counter},
    title={\url{https://gs.statcounter.com/os-market-share/mobile/europe}},
    year={2022}
}

@article{mobile_max_users,
    author={Statista},
    title={\url{https://www.statista.com/statistics/377808/distribution-of-facebook-users-by-device/}},
    year={2022}
}

@article{maven,
    author={Maven},
    title={\url{https://maven.apache.org/}},
    year={2022}
}

@article{gradle,
    author={Gradle},
    title={\url{https://gradle.org/}},
    year={2022}
}

@article{groovy,
    author={Apache Groovy},
    title={\url{https://groovy-lang.org/}},
    year={2022}
}

@article{nootric,
    author={Nootric App},
    title={\url{https://www.nootric.com/es}},
    year={2022}
}

@article{fitia,
    author={Fitia},
    title={\url{https://fitia.app/}},
    year={2022}
}

@article{json,
    author={JSON},
    title={\url{https://www.json.org/json-es.html}},
    year={2022}
}